<collection xmlns="http://www.loc.gov/MARC21/slim">
<record>
  <leader>01817nam0a22003371i 450 </leader>
  <controlfield tag="001">IT\ICCU\CNCE\058438</controlfield>
  <controlfield tag="005">20160226000000.0</controlfield>
  <datafield tag="012" ind1=" " ind2=" ">
    <subfield code="a">e-i- c.n- t.e, quno (3) 1575 (R)</subfield>
    <subfield code="2">fei</subfield>
  </datafield>
  <datafield tag="100" ind1=" " ind2=" ">
    <subfield code="a">20040531d1575        0itac0103    ba</subfield>
  </datafield>
  <datafield tag="101" ind1=" " ind2=" ">
    <subfield code="a">LAT</subfield>
  </datafield>
  <datafield tag="102" ind1=" " ind2=" ">
    <subfield code="a">IT</subfield>
  </datafield>
  <datafield tag="200" ind1="1" ind2=" ">
    <subfield code="a">Contextus vniuersae grammatices Despauterianae primae partis, syntaxeos, artis versificatoriae, &amp; figurarum : cum suorum commentariorum epitome, quam fieri potuit breuissime concinnata, per Io. Pellissonem Condriensem: nunc etiam vulgari italico sermone multis in locis explicata &amp; aucta</subfield>
  </datafield>
  <datafield tag="210" ind1=" " ind2=" ">
    <subfield code="a">Venetijs</subfield>
    <subfield code="c">ex Typographia Guerraea</subfield>
    <subfield code="d">1575</subfield>
  </datafield>
  <datafield tag="215" ind1=" " ind2=" ">
    <subfield code="a">120 c.</subfield>
    <subfield code="d">8ʻ</subfield>
  </datafield>
  <datafield tag="620" ind1=" " ind2=" ">
    <subfield code="a">IT</subfield>
    <subfield code="d">Venezia</subfield>
  </datafield>
  <datafield tag="700" ind1=" " ind2="1">
    <subfield code="a">Pellisson,</subfield>
    <subfield code="b">Jean</subfield>
    <subfield code="3">IT\ICCU\CNCA\007185</subfield>
  </datafield>
  <datafield tag="702" ind1=" " ind2="1">
    <subfield code="a">Despautr̈e,</subfield>
    <subfield code="b">Jean</subfield>
    <subfield code="3">IT\ICCU\CNCA\004785</subfield>
  </datafield>
  <datafield tag="712" ind1="0" ind2="0">
    <subfield code="a">Guerra, Domenico &amp; Guerra, Giovanni Battista</subfield>
    <subfield code="3">IT\ICCU\CNCT\000155</subfield>
    <subfield code="4">650</subfield>
  </datafield>
  <datafield tag="790" ind1=" " ind2="1">
    <subfield code="a">Pelisson,</subfield>
    <subfield code="b">Ioannes</subfield>
    <subfield code="3">IT\ICCU\CNCA\022112</subfield>
    <subfield code="z">Pellisson, Jean</subfield>
  </datafield>
  <datafield tag="790" ind1=" " ind2="1">
    <subfield code="a">Despauterius,</subfield>
    <subfield code="b">Joannes</subfield>
    <subfield code="3">IT\ICCU\CNCA\004786</subfield>
    <subfield code="z">Despautr̈e, Jean</subfield>
  </datafield>
  <datafield tag="790" ind1=" " ind2="1">
    <subfield code="a">Pauteren,</subfield>
    <subfield code="b">Jan : van</subfield>
    <subfield code="3">IT\ICCU\CNCA\004787</subfield>
    <subfield code="z">Despautr̈e, Jean</subfield>
  </datafield>
  <datafield tag="790" ind1=" " ind2="1">
    <subfield code="a">Spauter,</subfield>
    <subfield code="b">Johannes : de</subfield>
    <subfield code="3">IT\ICCU\CNCA\014920</subfield>
    <subfield code="z">Despautr̈e, Jean</subfield>
  </datafield>
  <datafield tag="791" ind1="0" ind2="2">
    <subfield code="a">Guerraei fratres</subfield>
    <subfield code="3">IT\ICCU\CNCT\005074</subfield>
    <subfield code="z">Guerra, Domenico &amp; Guerra, Giovanni Battista</subfield>
  </datafield>
  <datafield tag="791" ind1="0" ind2="2">
    <subfield code="a">Guerri</subfield>
    <subfield code="3">IT\ICCU\CNCT\005076</subfield>
    <subfield code="z">Guerra, Domenico &amp; Guerra, Giovanni Battista</subfield>
  </datafield>
  <datafield tag="801" ind1=" " ind2="3">
    <subfield code="a">IT</subfield>
    <subfield code="b">ICCU</subfield>
    <subfield code="c">20201115</subfield>
  </datafield>
  <datafield tag="899" ind1=" " ind2=" ">
    <subfield code="a">Pontificia Biblioteca Antoniana. Padova</subfield>
    <subfield code="1">EX0020</subfield>
    <subfield code="2">PUV 78</subfield>
  </datafield>
  <datafield tag="899" ind1=" " ind2=" ">
    <subfield code="a">Biblioteca capitolare del Duomo di Monza. Monza</subfield>
    <subfield code="1">MI0375</subfield>
    <subfield code="2">ZMI 21</subfield>
  </datafield>
  <datafield tag="899" ind1=" " ind2=" ">
    <subfield code="a">Biblioteca Lancisiana. Roma</subfield>
    <subfield code="1">RM0260</subfield>
    <subfield code="2">RMS H8</subfield>
  </datafield>
  <datafield tag="899" ind1=" " ind2=" ">
    <subfield code="a">Biblioteca dell&apos;ex Seminario vescovile. Amelia</subfield>
    <subfield code="1">TR0037</subfield>
    <subfield code="2">ZTR 06</subfield>
  </datafield>
  <datafield tag="899" ind1=" " ind2=" ">
    <subfield code="a">Biblioteca comunale. Treviso</subfield>
    <subfield code="1">TV0114</subfield>
    <subfield code="2">VIA CT</subfield>
  </datafield>
  <datafield tag="899" ind1=" " ind2=" ">
    <subfield code="a">Biblioteca dell&apos;Istituto filosofico Aloisianum. Gallarate</subfield>
    <subfield code="1">VA0060</subfield>
    <subfield code="2">ZVA 12</subfield>
  </datafield>
</record>
</collection>
